<?xml version = "1.0" encoding = "UTF-8"?><OAI-PMH xmlns="http://www.openarchives.org/OAI/2.0/" xmlns:xsi="http://www.w3.org/2001/XMLSchema-instance" xsi:schemaLocation="http://www.openarchives.org/OAI/2.0/ http://www.openarchives.org/OAI/2.0/OAI-PMH.xsd"><ListRecords><record><header><identifier>aleph-publish:017749481</identifier></header><metadata><record xmlns="http://www.ddb.de/professionell/mabxml/mabxml-1.xsd"><leader>00000nM2.01200024------h</leader><controlfield tag="LDR">00000nM2.01200024------h</controlfield><controlfield tag="FMT">MH</controlfield><datafield tag="001" ind1="-" ind2="1"><subfield code="a">HT016138627</subfield></datafield><datafield tag="002" ind1="a" ind2="1"><subfield code="a">20091112</subfield></datafield><datafield tag="003" ind1="-" ind2="1"><subfield code="a">20211013084500.0</subfield></datafield><datafield tag="020" ind1="a" ind2="1"><subfield code="a">2524920-4</subfield><subfield code="b">DNB</subfield></datafield><datafield tag="025" ind1="a" ind2="1"><subfield code="a">998075728</subfield></datafield><datafield tag="025" ind1="z" ind2="1"><subfield code="a">2524920-4</subfield></datafield><datafield tag="025" ind1="o" ind2="1"><subfield code="a">643396621</subfield></datafield><datafield tag="026" ind1="-" ind2="1"><subfield code="a">ZDB2524920-4</subfield></datafield><controlfield tag="030">a||u|||||||27</controlfield><datafield tag="036" ind1="a" ind2="1"><subfield code="a">XA-DE</subfield></datafield><datafield tag="037" ind1="b" ind2="1"><subfield code="a">ger</subfield></datafield><controlfield tag="050">||||||||g|||||</controlfield><controlfield tag="052">pst||||tq||||||</controlfield><datafield tag="060" ind1="-" ind2="1"><subfield code="b">txt</subfield><subfield code="a">Text</subfield></datafield><datafield tag="061" ind1="-" ind2="1"><subfield code="b">c</subfield><subfield code="a">Computermedien</subfield></datafield><datafield tag="062" ind1="-" ind2="1"><subfield code="b">cr</subfield><subfield code="a">Online-Ressource</subfield></datafield><datafield tag="064" ind1="a" ind2="1"><subfield code="a">Zeitschrift</subfield><subfield code="9">(DE-588)4067488-5</subfield></datafield><datafield tag="064" ind1="a" ind2="1"><subfield code="a">Statistik</subfield><subfield code="9">(DE-588)4056995-0</subfield></datafield><datafield tag="070" ind1="-" ind2="1"><subfield code="a">0929</subfield></datafield><datafield tag="070" ind1="a" ind2="1"><subfield code="a">DNB</subfield></datafield><datafield tag="070" ind1="b" ind2="1"><subfield code="a">9001</subfield></datafield><datafield tag="076" ind1="c" ind2="1"><subfield code="a">la</subfield></datafield><datafield tag="078" ind1="z" ind2="1"><subfield code="a">lzZDB</subfield></datafield><datafield tag="085" ind1="x" ind2="1"><subfield code="l">A</subfield></datafield><datafield tag="085" ind1="x" ind2="1"><subfield code="l">I</subfield></datafield><datafield tag="085" ind1="x" ind2="1"><subfield code="l">AII, AIII - vj</subfield><subfield code="a">Bevölkerungsvorgänge</subfield><subfield code="d">im ... Vierteljahr ; (Vorläufige Ergebnisse)</subfield></datafield><datafield tag="200" ind1="-" ind2="1"><subfield code="g">Rheinland-Pfalz</subfield><subfield code="9">(DE-588)4049795-1</subfield></datafield><datafield tag="201" ind1="-" ind2="1"><subfield code="g">Rhineland-Palatinate</subfield></datafield><datafield tag="201" ind1="-" ind2="1"><subfield code="g">Rhénanie-Palatinat</subfield></datafield><datafield tag="201" ind1="-" ind2="1"><subfield code="g">Renania-Palatinado</subfield></datafield><datafield tag="201" ind1="-" ind2="1"><subfield code="g">Rheinland Pfalz</subfield></datafield><datafield tag="201" ind1="-" ind2="1"><subfield code="g">RP</subfield></datafield><datafield tag="204" ind1="b" ind2="1"><subfield code="k">Rheinland-Pfalz</subfield><subfield code="b">Statistisches Landesamt</subfield><subfield code="4">isb</subfield><subfield code="3">Herausgebendes Organ</subfield><subfield code="9">(DE-588)36467-8</subfield></datafield><datafield tag="205" ind1="-" ind2="1"><subfield code="k">Statistisches Landesamt</subfield><subfield code="h">Rheinland-Pfalz</subfield></datafield><datafield tag="205" ind1="-" ind2="1"><subfield code="k">Statistisches Landesamt Rheinland-Pfalz</subfield></datafield><datafield tag="331" ind1="-" ind2="1"><subfield code="a">Statistische Berichte Rheinland-Pfalz</subfield></datafield><datafield tag="359" ind1="-" ind2="1"><subfield code="a">Hrsg. Statistisches Landesamt Rheinland-Pfalz</subfield></datafield><datafield tag="360" ind1="-" ind2="1"><subfield code="a">A</subfield></datafield><datafield tag="360" ind1="-" ind2="1"><subfield code="a">I</subfield></datafield><datafield tag="360" ind1="-" ind2="1"><subfield code="a">AII, AIII - vj, Bevölkerungsvorgänge : im ... Vierteljahr ; (Vorläufige Ergebnisse)</subfield></datafield><datafield tag="370" ind1="a" ind2="1"><subfield code="a">Statistische Berichte Rheinland-Pfalz / A / 1 / A 2, A 3 vj</subfield></datafield><datafield tag="405" ind1="-" ind2="1"><subfield code="a">Nachgewiesen 2002,4-2009,1</subfield></datafield><datafield tag="406" ind1="a" ind2="1"><subfield code="e">4</subfield><subfield code="j">2002</subfield><subfield code="o">1</subfield><subfield code="k">2009</subfield></datafield><datafield tag="419" ind1="-" ind2="1"><subfield code="a">Bad Ems</subfield><subfield code="b">Statistisches Landesamt Rheinland-Pfalz</subfield><subfield code="c">2002-Dezember 2009</subfield><subfield code="A">3</subfield></datafield><datafield tag="425" ind1="b" ind2="1"><subfield code="a">2002</subfield></datafield><datafield tag="425" ind1="c" ind2="1"><subfield code="a">2010</subfield></datafield><datafield tag="433" ind1="-" ind2="1"><subfield code="a">Online-Ressource</subfield></datafield><datafield tag="501" ind1="-" ind2="1"><subfield code="a">Erscheint vierteljährlich. - Gesehen am 18.01.2021</subfield></datafield><datafield tag="516" ind1="a" ind2="1"><subfield code="a">Bestellnr. A 1013</subfield></datafield><datafield tag="537" ind1="-" ind2="1"><subfield code="a">929!(08-08-17)</subfield></datafield><datafield tag="552" ind1="b" ind2="1"><subfield code="a">urn:nbn:de:hbz:929:02-edoweb:52061113</subfield></datafield><datafield tag="574" ind1="-" ind2="1"><subfield code="a">21,O02</subfield></datafield><datafield tag="583" ind1="-" ind2="1"><subfield code="a">Archivierung/Langzeitarchivierung gewährleistet</subfield><subfield code="5">DE-101</subfield><subfield code="2">pdager</subfield></datafield><datafield tag="583" ind1="-" ind2="1"><subfield code="a">Archivierung/Langzeitarchivierung gewährleistet</subfield><subfield code="f">PERP</subfield><subfield code="5">DE-929</subfield><subfield code="2">pdager</subfield></datafield><datafield tag="655" ind1="e" ind2="1"><subfield code="u">https://nbn-resolving.org/urn:nbn:de:hbz:929:02-edoweb:52061113</subfield><subfield code="x">Resolving-System</subfield><subfield code="A">0</subfield></datafield><datafield tag="655" ind1="e" ind2="1"><subfield code="u">https://www.edoweb-rlp.de/resource/edoweb%3A5206111</subfield><subfield code="x">Langzeitarchivierung</subfield><subfield code="z">kostenfrei</subfield><subfield code="A">0</subfield></datafield><datafield tag="655" ind1="e" ind2="1"><subfield code="u">https://www.edoweb-rlp.de/resource/edoweb:5206111</subfield><subfield code="x">Archivierte Online-Ressource</subfield><subfield code="A">0</subfield></datafield><datafield tag="655" ind1="e" ind2="1"><subfield code="u">https://www.statistik.rlp.de/de/publikationen/statistische-berichte/</subfield><subfield code="x">Verlag</subfield><subfield code="z">kostenfrei</subfield><subfield code="A">0</subfield></datafield><datafield tag="655" ind1="e" ind2="1"><subfield code="u">https://www.statistischebibliothek.de/mir/receive/RPSerie_mods_00000017</subfield><subfield code="x">Verlag</subfield><subfield code="z">kostenfrei</subfield><subfield code="A">0</subfield></datafield><datafield tag="700" ind1="-" ind2="1"><subfield code="a">300</subfield><subfield code="2">DNB</subfield></datafield><datafield tag="700" ind1="-" ind2="1"><subfield code="a">310</subfield><subfield code="2">DNB</subfield></datafield><datafield tag="700" ind1="-" ind2="1"><subfield code="a">310</subfield><subfield code="2">ZDB</subfield></datafield><datafield tag="700" ind1="-" ind2="1"><subfield code="a">300</subfield><subfield code="2">ZDB</subfield></datafield><datafield tag="700" ind1="l" ind2="1"><subfield code="a">810 ; 106 ; 130 ; 139 ; 140</subfield></datafield><datafield tag="776" ind1="-" ind2="1"><subfield code="i">Erscheint auch als</subfield><subfield code="n">Druck-Ausgabe</subfield><subfield code="a">Rheinland-Pfalz</subfield><subfield code="t">Statistische Berichte Rheinland-Pfalz. A. I. AII, AIII - vj, Bevölkerungsvorgänge</subfield><subfield code="x">1430-5054</subfield></datafield><datafield tag="780" ind1="-" ind2="1"><subfield code="i">Druckausg. u. Vorg.</subfield><subfield code="a">Rheinland-Pfalz</subfield><subfield code="t">Statistische Berichte Rheinland-Pfalz / A / 1 / A 2, A 3 vj. A. I. AII, AIII - vj, Bevölkerungsvorgänge im ... Vierteljahr ...</subfield><subfield code="d">Bad Ems : Statistisches Landesamt Rheinland-Pfalz, 2002-2010</subfield><subfield code="x">1430-5054</subfield><subfield code="A">0</subfield><subfield code="9">HT015869763</subfield></datafield><datafield tag="785" ind1="-" ind2="1"><subfield code="i">Fortgesetzt durch</subfield><subfield code="t">Statistische Berichte. A. I. A II, A III - vj, Bevölkerungsvorgänge im ... Vierteljahr ...</subfield><subfield code="d">Bad Ems : Statistisches Landesamt Rheinland-Pfalz, 2010-</subfield><subfield code="h">Online-Ressource</subfield><subfield code="x">1430-5054</subfield><subfield code="A">0</subfield><subfield code="9">HT019402953</subfield></datafield><controlfield tag="SYS">017749481</controlfield><datafield tag="LOW" ind1="-" ind2="1"><subfield code="a">K0</subfield></datafield><datafield tag="LOW" ind1="-" ind2="1"><subfield code="a">A5</subfield></datafield><datafield tag="LOW" ind1="-" ind2="1"><subfield code="a">B5</subfield></datafield><datafield tag="LOW" ind1="-" ind2="1"><subfield code="a">C5</subfield></datafield><datafield tag="LOW" ind1="-" ind2="1"><subfield code="a">D0</subfield></datafield><datafield tag="LOW" ind1="-" ind2="1"><subfield code="a">E0</subfield></datafield><datafield tag="LOW" ind1="-" ind2="1"><subfield code="a">F0</subfield></datafield><datafield tag="LOW" ind1="-" ind2="1"><subfield code="a">G5</subfield></datafield><datafield tag="LOW" ind1="-" ind2="1"><subfield code="a">H7</subfield></datafield><datafield tag="LOW" ind1="-" ind2="1"><subfield code="a">K0001</subfield></datafield><datafield tag="LOW" ind1="-" ind2="1"><subfield code="a">K7</subfield></datafield><datafield tag="LOW" ind1="-" ind2="1"><subfield code="a">KD</subfield></datafield><datafield tag="LOW" ind1="-" ind2="1"><subfield code="a">KH</subfield></datafield><datafield tag="LOW" ind1="-" ind2="1"><subfield code="a">KM</subfield></datafield><datafield tag="LOW" ind1="-" ind2="1"><subfield code="a">L0</subfield></datafield><datafield tag="LOW" ind1="-" ind2="1"><subfield code="a">L5</subfield></datafield><datafield tag="LOW" ind1="-" ind2="1"><subfield code="a">M0</subfield></datafield><datafield tag="LOW" ind1="-" ind2="1"><subfield code="a">N5</subfield></datafield><datafield tag="LOW" ind1="-" ind2="1"><subfield code="a">P0001</subfield></datafield><datafield tag="LOW" ind1="-" ind2="1"><subfield code="a">R0</subfield></datafield><datafield tag="LOW" ind1="-" ind2="1"><subfield code="a">R1</subfield></datafield><datafield tag="LOW" ind1="-" ind2="1"><subfield code="a">R2</subfield></datafield><datafield tag="LOW" ind1="-" ind2="1"><subfield code="a">R3</subfield></datafield><datafield tag="LOW" ind1="-" ind2="1"><subfield code="a">RL</subfield></datafield><datafield tag="LOW" ind1="-" ind2="1"><subfield code="a">T0011</subfield></datafield><datafield tag="LOW" ind1="-" ind2="1"><subfield code="a">T0012</subfield></datafield><datafield tag="LOW" ind1="-" ind2="1"><subfield code="a">V0</subfield></datafield><datafield tag="LOW" ind1="-" ind2="1"><subfield code="a">X0</subfield></datafield><datafield tag="LOW" ind1="-" ind2="1"><subfield code="a">X5</subfield></datafield><datafield tag="LOW" ind1="-" ind2="1"><subfield code="a">X7</subfield></datafield><datafield tag="LOW" ind1="-" ind2="1"><subfield code="a">R0001</subfield></datafield><datafield tag="GKZ" ind1="-" ind2="1"><subfield code="a">KF</subfield></datafield><datafield tag="GKZ" ind1="-" ind2="1"><subfield code="a">KF</subfield></datafield><datafield tag="GKZ" ind1="-" ind2="1"><subfield code="a">KF</subfield></datafield><datafield tag="GKZ" ind1="-" ind2="1"><subfield code="a">KF</subfield></datafield><datafield tag="GKZ" ind1="-" ind2="1"><subfield code="a">KF</subfield></datafield><datafield tag="GKZ" ind1="-" ind2="1"><subfield code="a">KF</subfield></datafield><datafield tag="GKZ" ind1="-" ind2="1"><subfield code="a">KF</subfield></datafield><datafield tag="GKZ" ind1="-" ind2="1"><subfield code="a">KF</subfield></datafield><datafield tag="GKZ" ind1="-" ind2="1"><subfield code="a">KF</subfield></datafield><datafield tag="GKZ" ind1="-" ind2="1"><subfield code="a">KF</subfield></datafield><datafield tag="LOW" ind1="-" ind2="1"><subfield code="a">A5001</subfield></datafield><datafield tag="LOW" ind1="-" ind2="1"><subfield code="a">N5001</subfield></datafield><datafield tag="LOW" ind1="-" ind2="1"><subfield code="a">L5001</subfield></datafield><datafield tag="088" ind1=" " ind2=" "><subfield code="a">929</subfield><subfield code="b">Online-Zugang</subfield><subfield code="d">2002,4 - 2009,1</subfield></datafield><datafield tag="088" ind1=" " ind2=" "><subfield code="a">38</subfield></datafield><datafield tag="088" ind1=" " ind2=" "><subfield code="a">466</subfield></datafield><datafield tag="088" ind1=" " ind2=" "><subfield code="a">385</subfield></datafield><datafield tag="088" ind1=" " ind2=" "><subfield code="a">Tr 5</subfield></datafield><datafield tag="088" ind1=" " ind2=" "><subfield code="a">A 96</subfield></datafield><datafield tag="088" ind1=" " ind2=" "><subfield code="a">829</subfield></datafield><datafield tag="088" ind1=" " ind2=" "><subfield code="a">743</subfield></datafield><datafield tag="200" ind1=" " ind2="9"><subfield code="0">1</subfield><subfield code="b">2002,4 - 2009,1</subfield><subfield code="g">Online-Zugang</subfield><subfield code="h">edoweb</subfield><subfield code="2">R0001</subfield></datafield><datafield tag="652" ind1="a" ind2="9"><subfield code="a">Online-Ressource</subfield><subfield code="2">R0001</subfield></datafield><datafield tag="655" ind1="e" ind2="9"><subfield code="u">https://www.edoweb-rlp.de/resource/edoweb%3A5206111</subfield><subfield code="2">R0001</subfield></datafield></record></metadata></record></ListRecords></OAI-PMH>